@article{srivastava20243d,
  title={3D Position Tracking using On-chip Magnetic Sensing in Image-guided Navigation Bronchoscopy},
  author={Srivastava, Manish and O’Donoghue, Kilian and Sidun, Aleksandr and Jaeger, H Alexander and Ferro, Alessandro and Crowley, Daragh and van den Bosch, Christian and Kennedy, Marcus and O’Hare, Daniel and Cantillon-Murphy, Padraig},
  journal={IEEE Transactions on Biomedical Circuits and Systems},
  year={2024},
  publisher={IEEE}}



% PyGMID
@misc{O_Donnell_PyGMID,
  author = {O'Donnell, Cian and O'Hare, Daniel and Reidy, Tiarnach},
  title = {Py{GMID}},
  year = {2021},
  publisher = {GitHub},
  journal = {GitHub repository},
  howpublished = {\url{https://github.com/dreoilin/pygmid}}
}

% CCIA Design
@misc{CCIA_GMID,
  author = {O'Donnell, Cian and O'Hare, Daniel},
  title = {CCIA GMID Design},
  year = {2024},
  publisher = {GitHub},
  journal = {GitHub repository},
  howpublished = {\url{https://github.com/dreoilin/CCIA-Design}}
}

% ICC open source tools
@misc{IIC_OS_TOOLS,
  author = {Pretl, Harald},
  title = {{IIC}-{OSIC}-{TOOLS}},
  year = {2022},
  publisher = {GitHub},
  journal = {GitHub repository},
  howpublished = {\url{https://github.com/iic-jku/iic-osic-tools#how-to-use-these-open-source-and-free-ic-design-tools}}
}

@article{herman2024versatility,
  title={On the versatility of the ihp bicmos open source and manufacturable pdk: A step towards the future where anybody can design and build a chip},
  author={Herman, Krzysztof and Herfurth, Norbert and Henkes, Tim and Andreev, Sergei and Scholz, Rene and M{\"u}ller, Markus and Krattenmacher, Mario and Pretl, Harald and Grabinski, Wladyslaw},
  journal={IEEE Solid-State Circuits Magazine},
  volume={16},
  number={2},
  pages={30--38},
  year={2024},
  publisher={IEEE}
}

% Murmann GMID
@misc{MurmannGMID,
  author = {Murmann, Boris},
  title = {GMID Starter Kit},
  year = {2017},
  publisher = {GitHub},
  journal = {GitHub repository},
  howpublished = {\url{https://github.com/bmurmann/Book-on-gm-ID-design}}
}

@inproceedings{song2013430nw,
  title={A 430nW 64nV/vHz current-reuse telescopic amplifier for neural recording applications},
  author={Song, Shuang and Rooijakkers, Michael Johannes and Harpe, Pieter and Rabotti, Chiara and Mischi, Massimo and van Roermund, Arthur HM and Cantatore, Eugenio},
  booktitle={2013 IEEE Biomedical Circuits and Systems Conference (BioCAS)},
  pages={322--325},
  year={2013},
  organization={IEEE}
}
@ARTICLE{Jiang-8588386,
  author={Jiang, Hui and Nihtianov, Stoyan and Makinwa, Kofi A. A.},
  journal={IEEE Journal of Solid-State Circuits}, 
  title={An Energy-Efficient 3.7-nV/ $\surd$ Hz Bridge Readout IC With a Stable Bridge Offset Compensation Scheme}, 
  year={2019},
  volume={54},
  number={3},
  pages={856-864},
  keywords={Bridge circuits;Temperature sensors;Capacitors;Impedance;Temperature dependence;Integrated circuits;Beyond the rails;bridge offset compensation;bridge sensor;capacitively coupled (CC) chopper;CC instrumentation amplifier (CCIA);continuous-time delta–sigma modulator (CTΔΣM);energy efficient;readout IC (ROIC);temperature compensation},
  doi={10.1109/JSSC.2018.2885556}}

@INPROCEEDINGS{chand-7417924,
  author={Chandrakumar, Hariprasad and Marković, Dejan},
  booktitle={2016 IEEE International Solid-State Circuits Conference (ISSCC)}, 
  title={5.5 A 2µW 40mVpp linear-input-range chopper- stabilized bio-signal amplifier with boosted input impedance of 300MΩ and electrode-offset filtering}, 
  year={2016},
  volume={},
  number={},
  pages={96-97},
  keywords={Impedance;Resistors;Linearity;Electrodes;Servomotors;Current measurement;Solid state circuits},
  doi={10.1109/ISSCC.2016.7417924}}
@ARTICLE{Pham-9136768,
  author={Pham, Xuan Thanh and Duong, Duc Nha and Nguyen, Ngoc Tan and Van Truong, Nguyen and Lee, Jong-Wook},
  journal={IEEE Transactions on Circuits and Systems II: Express Briefs}, 
  title={A 4.5 GΩ-Input Impedance Chopper Amplifier With Embedded DC-Servo and Ripple Reduction Loops for Impedance Boosting to Sub-Hz}, 
  year={2021},
  volume={68},
  number={1},
  pages={116-120},
  keywords={DSL;Impedance;Boosting;Capacitors;Earth Observing System;Instruments;Choppers (circuits);Instrumentation amplifier;neural sensing;chopping;input impedance;dc servo loop;input-referred noise},
  doi={10.1109/TCSII.2020.3007934}}
@ARTICLE{Park-10090456,
  author={Park, Junyoung and Kim, Wooyoung and Kim, Daesik and Lee, Dongkeon and Hong, Yongtaek and Kim, Suhwan and Rhee, Jooyeol},
  journal={IEEE Sensors Journal}, 
  title={A 17.6-Bit 800-SPS Energy-Efficient Read-Out IC With Input Impedance Boosting}, 
  year={2023},
  volume={23},
  number={9},
  pages={9430-9439},
  keywords={Sensors;Integrated circuits;Voltage;Bridge circuits;Impedance;Frequency modulation;Modulation;Capacitively coupled instrumentation amplifier (CCIA);energy efficiency;gain programmability;impedance boosting;incremental ΔΣ analog-to-digital converter (ADC);pressure sensor;system-level chopping},
  doi={10.1109/JSEN.2023.3262682}}
@article{Jiang-2020,
author = {Jiang, Jeffrey and Chang, Stephanie and Kent, Amie and Geraci, Travis and Cerfolio, Robert},
year = {2020},
month = {11},
pages = {},
title = {Current Novel Advances in Bronchoscopy},
volume = {7},
journal = {Frontiers in Surgery},
doi = {10.3389/fsurg.2020.596925}
}
@ARTICLE{Maruyama-7516659,
  author={Maruyama, Masahiko and Taguchi, Shigenari and Yamanoue, Masafumi and Iizuka, Kunihiko},
  journal={IEEE Journal of Solid-State Circuits}, 
  title={An Analog Front-End for a Multifunction Sensor Employing a Weak-Inversion Biasing Technique With 26 nVrms, 25 aCrms, and 19 fArms Input-Referred Noise}, 
  year={2016},
  volume={51},
  number={10},
  pages={2252-2261},
  doi={10.1109/JSSC.2016.2581812}}
@INPROCEEDINGS{Shen-8008461,
  author={Shen, Linxiao and Lu, Nanshu and Sun, Nan},
  booktitle={2017 Symposium on VLSI Circuits}, 
  title={A 1V 0.25uW inverter-stacking amplifier with 1.07 noise efficiency factor}, 
  year={2017},
  volume={},
  number={},
  pages={C140-C141},
  keywords={Inverters;Frequency measurement;Stacking;Transistors;Parasitic capacitance;Transfer functions;Very large scale integration},
  doi={10.23919/VLSIC.2017.8008461}}

% weak inversion - justification
@ARTICLE{6015500,
  author={Muller, Rikky and Gambini, Simone and Rabaey, Jan M.},
  journal={IEEE Journal of Solid-State Circuits}, 
  title={A 0.013 ${\hbox {mm}}^{2}$, 5 $\mu\hbox{W}$ , DC-Coupled Neural Signal Acquisition IC With 0.5 V Supply}, 
  year={2012},
  volume={47},
  number={1},
  pages={232-243},
  keywords={Noise;Transfer functions;System-on-a-chip;Microelectrodes;Bandwidth;Area-efficient;biomedical;boxcar sampling;brain–machine interface;CMOS;low noise;low power;medical implants;mixed-signal architecture;offset cancellation;sensor interface},
  doi={10.1109/JSSC.2011.2163552}}

% jespers book
@book{jespers2017systematic,
  title={Systematic design of analog CMOS circuits},
  author={Jespers, Paul GA and Murmann, Boris},
  year={2017},
  publisher={Cambridge University Press}
}
@ARTICLE{Ha-8410446,
  author={Ha, Hyunsoo and Van Hoof, Chris and Van Helleputte, Nick},
  journal={IEEE Solid-State Circuits Letters}, 
  title={Measurement and Analysis of Input-Signal Dependent Flicker Noise Modulation in Chopper Stabilized Instrumentation Amplifier}, 
  year={2018},
  volume={1},
  number={4},
  pages={90-93},
  keywords={1f noise;Mirrors;Current measurement;Modulation;Noise measurement;Choppers (circuits);1/f noise;Bio-impedance (BIOZ);biomedical application;chopper stabilization;flicker noise;instrumentation amplifier (IA);low-noise;sensor interface},
  doi={10.1109/LSSC.2018.2855429}}

@article{yang2023ac,
  title={An AC-coupled 1st-order $\Delta$-$\Delta$$\Sigma$ readout IC for area-efficient neural signal acquisition},
  author={Yang, Xiaolin and Ballini, Marco and Sawigun, Chutham and Hsu, Wen-Yang and Weijers, Jan-Willem and Putzeys, Jan and Lopez, Carolina Mora},
  journal={IEEE Journal of Solid-State Circuits},
  volume={58},
  number={4},
  pages={949--960},
  year={2023},
  publisher={IEEE}
}
@inproceedings{jain20242,
  title={A 2.5-20kSps in-Pixel Direct Digitization Front-End for ECoG with In-Stimulation Recording},
  author={Jain, Aditi and Fogleman, Eric and Botros, Paul and Vatsyayan, Ritwik and Pochet, Corentin and Bourhis, Andrew and Liu, Zhaoyi and Chethan, Suhas and Le, Hanh-Phuc and Galton, Ian and others},
  booktitle={2024 IEEE Custom Integrated Circuits Conference (CICC)},
  pages={1--2},
  year={2024},
  organization={IEEE}
}